[gd_scene load_steps=9 format=2]

[ext_resource path="res://control/aulaconfig.gd" type="Script" id=1]
[ext_resource path="res://img/ended/bg_aulaconfig.jpg" type="Texture" id=2]
[ext_resource path="res://fonts/Roboto-Medium.ttf" type="DynamicFontData" id=3]
[ext_resource path="res://bt_1.tres" type="StyleBox" id=4]

[sub_resource type="DynamicFont" id=1]
outline_color = Color( 0, 0, 0, 1 )
font_data = ExtResource( 3 )

[sub_resource type="StyleBoxFlat" id=4]
bg_color = Color( 0, 0, 0, 1 )

[sub_resource type="StyleBoxFlat" id=2]
bg_color = Color( 1, 1, 1, 1 )

[sub_resource type="DynamicFont" id=3]
font_data = ExtResource( 3 )

[node name="aulaconfig" type="Node2D"]
script = ExtResource( 1 )

[node name="Sprite" type="Sprite" parent="."]
position = Vector2( 200.011, 338.02 )
texture = ExtResource( 2 )

[node name="nombreAulaEdit" type="LineEdit" parent="."]
margin_left = 88.8313
margin_top = 159.229
margin_right = 256.831
margin_bottom = 188.229
custom_fonts/font = SubResource( 1 )
__meta__ = {
"_edit_use_anchors_": false
}

[node name="nombreAulaLabel" type="Label" parent="."]
margin_left = 93.6059
margin_top = 132.299
margin_right = 212.606
margin_bottom = 151.299
custom_fonts/font = SubResource( 1 )
text = "Nombre del aula:"
__meta__ = {
"_edit_use_anchors_": false
}

[node name="Crear" type="Button" parent="."]
margin_left = 264.0
margin_top = 161.0
margin_right = 329.0
margin_bottom = 186.0
custom_styles/hover = ExtResource( 4 )
custom_styles/disabled = ExtResource( 4 )
custom_styles/normal = ExtResource( 4 )
custom_fonts/font = SubResource( 1 )
text = "Crear"
__meta__ = {
"_edit_use_anchors_": false
}

[node name="codigoCreado" type="Label" parent="."]
margin_left = 161.0
margin_top = 197.791
margin_right = 227.0
margin_bottom = 216.791
grow_horizontal = 2
grow_vertical = 2
custom_fonts/font = SubResource( 1 )
__meta__ = {
"_edit_use_anchors_": false
}

[node name="HTTPRequest" type="HTTPRequest" parent="."]

[node name="notificacion" type="Label" parent="."]
margin_left = 139.386
margin_top = 225.16
margin_right = 266.386
margin_bottom = 244.16
grow_horizontal = 2
grow_vertical = 2
custom_fonts/font = SubResource( 1 )
__meta__ = {
"_edit_use_anchors_": false
}

[node name="atras" type="Button" parent="."]
margin_left = 150.519
margin_top = 605.0
margin_right = 259.519
margin_bottom = 630.0
rect_scale = Vector2( 0.998176, 1.01802 )
custom_styles/hover = SubResource( 4 )
custom_styles/normal = SubResource( 2 )
custom_fonts/font = SubResource( 1 )
custom_colors/font_color = Color( 0, 0, 0, 1 )
custom_colors/font_color_hover = Color( 1, 1, 1, 1 )
text = "Cerrar sesión"
__meta__ = {
"_edit_use_anchors_": false
}

[node name="config" type="Button" parent="."]
margin_left = 112.0
margin_top = 303.0
margin_right = 300.0
margin_bottom = 331.0
custom_styles/hover = ExtResource( 4 )
custom_styles/normal = ExtResource( 4 )
custom_fonts/font = SubResource( 1 )
text = "Configuración de cuenta"
__meta__ = {
"_edit_use_anchors_": false
}

[node name="accerderAula" type="Button" parent="."]
margin_left = 144.0
margin_top = 423.0
margin_right = 264.0
margin_bottom = 454.0
custom_styles/hover = ExtResource( 4 )
custom_styles/normal = ExtResource( 4 )
custom_fonts/font = SubResource( 1 )
text = "Acceder a aula"
__meta__ = {
"_edit_use_anchors_": false
}

[node name="estudiantes" type="Label" parent="."]
margin_left = 140.426
margin_top = 389.104
margin_right = 266.426
margin_bottom = 408.104
custom_fonts/font = SubResource( 1 )
text = "¿Eres estudiante?"
__meta__ = {
"_edit_use_anchors_": false
}

[node name="independientes_lb" type="Label" parent="."]
margin_left = 127.134
margin_top = 516.425
margin_right = 280.134
margin_bottom = 535.425
grow_horizontal = 2
grow_vertical = 2
custom_fonts/font = SubResource( 1 )
text = "¿Eres otro tipo de usuario?"
__meta__ = {
"_edit_use_anchors_": false
}

[node name="profesores" type="Label" parent="."]
margin_left = 145.598
margin_top = 93.0135
margin_right = 266.598
margin_bottom = 112.013
custom_fonts/font = SubResource( 1 )
text = "¿Eres profesor?"
__meta__ = {
"_edit_use_anchors_": false
}

[node name="listaAulas" type="Button" parent="."]
margin_left = 87.0
margin_top = 257.0
margin_right = 323.0
margin_bottom = 286.0
custom_styles/hover = ExtResource( 4 )
custom_styles/normal = ExtResource( 4 )
custom_fonts/font = SubResource( 1 )
text = "Ver resultados de estudiantes"
__meta__ = {
"_edit_use_anchors_": false
}

[node name="independiente" type="Button" parent="."]
margin_left = 107.0
margin_top = 543.0
margin_right = 302.0
margin_bottom = 572.0
grow_horizontal = 2
grow_vertical = 2
custom_styles/hover = ExtResource( 4 )
custom_styles/normal = ExtResource( 4 )
custom_fonts/font = SubResource( 3 )
text = "Acceder al aula general"
__meta__ = {
"_edit_use_anchors_": false
}
[connection signal="pressed" from="Crear" to="." method="_on_Crear_pressed"]
[connection signal="request_completed" from="HTTPRequest" to="." method="_on_HTTPRequest_request_completed"]
[connection signal="pressed" from="atras" to="." method="_on_atras_pressed"]
[connection signal="pressed" from="config" to="." method="_on_config_pressed"]
[connection signal="pressed" from="accerderAula" to="." method="_on_accerderAula_pressed"]
[connection signal="pressed" from="listaAulas" to="." method="_on_listaAulas_pressed"]
[connection signal="pressed" from="independiente" to="." method="_on_independiente_pressed"]
