[gd_scene load_steps=21 format=2]

[ext_resource path="res://control/cap_5.gd" type="Script" id=1]
[ext_resource path="res://img/ended/inicio_cap_5.jpg" type="Texture" id=2]
[ext_resource path="res://img/ended/sara_mama_abuela.jpg" type="Texture" id=3]
[ext_resource path="res://img/ended/sara_pensando.jpg" type="Texture" id=4]
[ext_resource path="res://img/ended/opciones_lugarjpg.jpg" type="Texture" id=5]
[ext_resource path="res://img/ended/opcion_incorrecta.jpg" type="Texture" id=6]
[ext_resource path="res://img/ended/sara_idea.jpg" type="Texture" id=7]
[ext_resource path="res://img/ended/juan_yuli_hablando.jpg" type="Texture" id=8]
[ext_resource path="res://img/ended/abrazo_juan_yuli.jpg" type="Texture" id=9]
[ext_resource path="res://img/ended/libreta_nueva.jpg" type="Texture" id=10]
[ext_resource path="res://img/ended/juan_pensativo.jpg" type="Texture" id=11]
[ext_resource path="res://img/ended/dialog_derecha.png" type="Texture" id=12]
[ext_resource path="res://img/ended/ico_dia.png" type="Texture" id=13]
[ext_resource path="res://fonts/Roboto-Medium.ttf" type="DynamicFontData" id=14]
[ext_resource path="res://img/ended/bg.jpg" type="Texture" id=15]
[ext_resource path="res://img/ended/test_5__v1.png" type="Texture" id=16]
[ext_resource path="res://bt_1.tres" type="StyleBox" id=17]

[sub_resource type="DynamicFont" id=1]
font_data = ExtResource( 14 )

[sub_resource type="DynamicFont" id=2]
font_data = ExtResource( 14 )

[sub_resource type="DynamicFont" id=3]
font_data = ExtResource( 14 )

[node name="cap_5" type="Node2D"]
script = ExtResource( 1 )

[node name="inicio" type="Sprite" parent="."]
visible = false
position = Vector2( 200.455, 340.396 )
texture = ExtResource( 2 )

[node name="sara_familia" type="Sprite" parent="."]
visible = false
position = Vector2( 200.581, 340.261 )
texture = ExtResource( 3 )

[node name="sara_primer" type="Sprite" parent="."]
visible = false
position = Vector2( 200.687, 340.542 )
texture = ExtResource( 4 )

[node name="decision" type="Sprite" parent="."]
visible = false
position = Vector2( 199.861, 340.706 )
texture = ExtResource( 5 )

[node name="result_1" type="Sprite" parent="."]
visible = false
position = Vector2( 200.648, 340.348 )
texture = ExtResource( 6 )

[node name="sara_idea" type="Sprite" parent="."]
visible = false
position = Vector2( 199.545, 339.6 )
texture = ExtResource( 7 )

[node name="juan_yuli" type="Sprite" parent="."]
visible = false
position = Vector2( 199.387, 339.955 )
texture = ExtResource( 8 )

[node name="juan_yuli_abrazo" type="Sprite" parent="."]
visible = false
position = Vector2( 199.028, 338.879 )
texture = ExtResource( 9 )

[node name="juan_libreta" type="Sprite" parent="."]
visible = false
position = Vector2( 199.073, 338.936 )
texture = ExtResource( 10 )

[node name="HTTPRequest" type="HTTPRequest" parent="."]

[node name="tiempo_sol" type="Sprite" parent="."]
visible = false
position = Vector2( 528.111, 80.3139 )
scale = Vector2( 0.0929848, 0.0929848 )
texture = ExtResource( 13 )

[node name="bg" type="Sprite" parent="."]
visible = false
position = Vector2( 200.564, 340.57 )
texture = ExtResource( 15 )

[node name="test_v1" type="Sprite" parent="."]
visible = false
texture = ExtResource( 16 )
centered = false

[node name="left" type="Button" parent="."]
visible = false
margin_left = 357.473
margin_top = 385.096
margin_right = 392.473
margin_bottom = 445.096
custom_styles/normal = ExtResource( 17 )
custom_fonts/font = SubResource( 1 )
text = ">"
__meta__ = {
"_edit_use_anchors_": false
}

[node name="right" type="Button" parent="."]
visible = false
margin_left = 7.0
margin_top = 385.096
margin_right = 42.0
margin_bottom = 445.096
custom_styles/normal = ExtResource( 17 )
custom_fonts/font = SubResource( 1 )
text = "<"
__meta__ = {
"_edit_use_anchors_": false
}

[node name="accept" type="Button" parent="."]
visible = false
margin_left = 112.646
margin_top = 575.0
margin_right = 287.646
margin_bottom = 610.0
custom_styles/normal = ExtResource( 17 )
custom_fonts/font = SubResource( 1 )
text = "Aceptar"
__meta__ = {
"_edit_use_anchors_": false
}

[node name="enunc" type="Label" parent="."]
visible = false
margin_left = 20.0
margin_top = 55.0
margin_right = 60.0
margin_bottom = 69.0
custom_fonts/font = SubResource( 2 )
__meta__ = {
"_edit_use_anchors_": false
}

[node name="noti" type="Label" parent="."]
visible = false
margin_left = 176.588
margin_top = 627.0
margin_right = 216.588
margin_bottom = 641.0
align = 1
__meta__ = {
"_edit_use_anchors_": false
}

[node name="juan_primer" type="Sprite" parent="."]
visible = false
position = Vector2( 200.458, 342.114 )
texture = ExtResource( 11 )

[node name="dialog_bg" type="Sprite" parent="."]
position = Vector2( 199.06, 146.835 )
scale = Vector2( 0.809512, 0.809512 )
texture = ExtResource( 12 )
centered = false

[node name="dialog_lb" type="Label" parent="."]
visible = false
margin_right = 40.0
margin_bottom = 19.0
custom_fonts/font = SubResource( 3 )
__meta__ = {
"_edit_use_anchors_": false
}
[connection signal="request_completed" from="HTTPRequest" to="." method="_on_HTTPRequest_request_completed"]
[connection signal="pressed" from="left" to="." method="_on_left_pressed"]
[connection signal="pressed" from="right" to="." method="_on_right_pressed"]
[connection signal="pressed" from="accept" to="." method="_on_accept_pressed"]
